<record><leader>00000cas a22000007a 4500</leader><controlfield tag="001">9573946</controlfield><controlfield tag="008">830603d18uu1939nyuwr ne      0    0eng d</controlfield><datafield ind1=" " ind2=" " tag="010"><subfield code="a">sn 83030624 </subfield></datafield><datafield ind1=" " ind2=" " tag="040"><subfield code="a">NPU</subfield><subfield code="b">eng</subfield><subfield code="c">NPU</subfield><subfield code="d">NPX</subfield><subfield code="d">NYS</subfield><subfield code="d">OCL</subfield><subfield code="d">NYS</subfield><subfield code="d">AQM</subfield><subfield code="d">OCLCQ</subfield><subfield code="d">OCLCF</subfield><subfield code="d">OCLCO</subfield></datafield><datafield ind1=" " ind2=" " tag="019"><subfield code="a">192110541</subfield></datafield><datafield ind1="1" ind2=" " tag="029"><subfield code="a">AU@</subfield><subfield code="b">000020375020</subfield></datafield><datafield ind1=" " ind2=" " tag="042"><subfield code="a">msc</subfield></datafield><datafield ind1=" " ind2=" " tag="043"><subfield code="a">n-us-ny</subfield></datafield><datafield ind1="0" ind2="0" tag="245"><subfield code="a">Andes recorder.</subfield></datafield><datafield ind1=" " ind2=" " tag="260"><subfield code="a">Andes, N.Y. :</subfield><subfield code="b">Frank G. Barclay</subfield></datafield><datafield ind1=" " ind2=" " tag="300"><subfield code="a">v. ;</subfield><subfield code="c">47-56 cm.</subfield></datafield><datafield ind1=" " ind2=" " tag="310"><subfield code="a">Weekly</subfield></datafield><datafield ind1="1" ind2=" " tag="362"><subfield code="a">Ceased in 1939?</subfield><subfield code="z">Cf. Faibisoff, S.G. Bibl. of newspapers in 14 N.Y. counties.</subfield></datafield><datafield ind1=" " ind2=" " tag="500"><subfield code="a">Publishers: Frank G. Barclay, &lt;1872-1873&gt;; F.G. Barclay &amp; A.S. Robinson, &lt;1877&gt;; Frank G. Barkley, &lt;1880&gt;; Will Clark, &lt;1881-1891&gt;; The Recorder, &lt;Apr. 28, 1892-1893&gt;; Miller &amp; Crawford, &lt;1894-1897&gt;; Thomas W. Miller, &lt;1904-1938&gt;.</subfield></datafield><datafield ind1=" " ind2=" " tag="500"><subfield code="a">Editor: Frank G. Barclay, &lt;1873-1876&gt;.</subfield></datafield><datafield ind1=" " ind2=" " tag="515"><subfield code="a">Apr. 28, 1892-&lt;Mar. 3, 1893&gt; issues numbered: Vol. 1, no. 2-&lt;v. 1, no. 46&gt;.</subfield></datafield><datafield ind1=" " ind2=" " tag="588"><subfield code="a">Description based on: Vol. 5, no. 46 (Oct. 17, 1872).</subfield></datafield><datafield ind1=" " ind2="0" tag="651"><subfield code="a">Andes (N.Y.)</subfield><subfield code="v">Newspapers.</subfield></datafield><datafield ind1=" " ind2="7" tag="655"><subfield code="a">Newspapers.</subfield><subfield code="2">rbgenr</subfield></datafield><datafield ind1=" " ind2="7" tag="655"><subfield code="a">Newspapers.</subfield><subfield code="2">fast</subfield><subfield code="0">(OCoLC)fst01423814</subfield></datafield><datafield ind1=" " ind2="7" tag="651"><subfield code="a">New York (State)</subfield><subfield code="z">Andes.</subfield><subfield code="2">fast</subfield><subfield code="0">(OCoLC)fst01296558</subfield></datafield><datafield ind1=" " ind2=" " tag="752"><subfield code="a">United States</subfield><subfield code="b">New York</subfield><subfield code="c">Delaware</subfield><subfield code="d">Andes.</subfield></datafield><datafield ind1="0" ind2="0" tag="780"><subfield code="t">Recorder (Andes, N.Y.)</subfield><subfield code="w">(DLC)sn 91066253</subfield></datafield></record>